@MISC{Haupt2016-nl,
  title        = "``data is the new oil'' --- A ludicrous proposition - project
                  2030 - medium",
  booktitle    = "Project 2030",
  author       = "Haupt, Michael",
  month        =  may,
  year         =  2016,
  howpublished = "\url{https://medium.com/project-2030/data-is-the-new-oil-a-ludicrous-proposition-1d91bba4f294}",
  note         = "Accessed: 2022-1-28",
  language     = "en"
}

@MISC{Joris_Toonders2014-lb,
  title        = "Data is the new oil of the digital economy",
  booktitle    = "{WIRED}",
  author       = "Joris Toonders, Yonego",
  month        =  jul,
  year         =  2014,
  howpublished = "\url{https://www.wired.com/insights/2014/07/data-new-oil-digital-economy/}",
  note         = "Accessed: 2022-1-28",
  language     = "en"
}

@MISC{noauthor_undated-nq,
  title        = "Data is the new oil",
  booktitle    = "Archive.org",
  howpublished = "\url{https://web.archive.org/web/20180716224058/https://spotlessdata.com/blog/data-new-oil}",
  note         = "Accessed: 2022-1-28",
  language     = "en"
}

@MISC{noauthor_undated-cy,
  title        = "data",
  booktitle    = "Lerobert.com",
  howpublished = "\url{https://dictionnaire.lerobert.com/definition/data}",
  note         = "Accessed: 2022-1-28",
  language     = "fr"
}

@MISC{Marr2018-dd,
  title        = "How much data do we create every day? The mind-blowing stats
                  everyone should read",
  booktitle    = "Forbes",
  author       = "Marr, Bernard",
  month        =  may,
  year         =  2018,
  howpublished = "\url{https://www.forbes.com/sites/bernardmarr/2018/05/21/how-much-data-do-we-create-every-day-the-mind-blowing-stats-everyone-should-read/}",
  note         = "Accessed: 2022-1-28",
  language     = "en"
}

@MISC{noauthor_undated-vd,
  title        = "Internet users in the world 2021",
  booktitle    = "Statista",
  howpublished = "\url{https://www.statista.com/statistics/617136/digital-population-worldwide/}",
  note         = "Accessed: 2022-1-28",
  language     = "en"
}

@MISC{Benyayer2017-xt,
  title    = "Etudier les cultures num{\'e}riques, approches th{\'e}oriques et
              empiriques",
  author   = "Benyayer, Chignard",
  month    =  may,
  year     =  2017,
  language = "en"
}

@MISC{noauthor_undated-yi,
  howpublished = "\url{http://ttps://www.weforum.org/agenda/2017/09/the-value-of-data/}",
  note         = "Accessed: 2022-1-28"
}

@MISC{Cheshire2016-xi,
  title        = "Behind the scenes at Donald Trump's {UK} digital war room",
  booktitle    = "Sky",
  author       = "Cheshire, Tom",
  month        =  oct,
  year         =  2016,
  howpublished = "\url{https://news.sky.com/story/behind-the-scenes-at-donald-trumps-uk-digital-war-room-10626155}",
  note         = "Accessed: 2022-1-28",
  language     = "en"
}

@ARTICLE{Barry2018-zs,
  title     = "Long before Cambridge Analytica, a belief in the `power of the
               subliminal'",
  author    = "Barry, Ellen",
  journal   = "NY Times",
  publisher = "The New York Times",
  month     =  apr,
  year      =  2018
}

@ARTICLE{Silver2018-rq,
  title    = "Cambridge Analytica whistleblower: 'We spent \$1m harvesting
              millions of Facebook profiles' -- video",
  author   = "Silver, Marc and Phillips, Charlie and Khalili, Mustafa and
              Cadwalladr, Carole",
  month    =  mar,
  year     =  2018,
  language = "en"
}

@BOOK{Chaliand1992-mp,
  title     = "La persuasion de masse. Guerre psychologique/guerre
               m{\'e}diatique",
  author    = "Chaliand, G{\'e}rard",
  publisher = "Robert Laffont",
  year      =  1992,
  address   = "Paris, France",
  language  = "en"
}

@BOOK{Tzu_undated-du,
  title     = "{L'Art} de la guerre",
  author    = "Tzu, Sun",
  publisher = "Hachette Litt{\'e}rature",
  edition   = "Pluriel",
  address   = "Paris, France",
  language  = "en"
}

@ARTICLE{Davies2015-wq,
  title     = "Ted Cruz using firm that harvested data on millions of unwitting
               Facebook users",
  author    = "Davies, Harry",
  journal   = "Guardian",
  publisher = "The Guardian",
  month     =  dec,
  year      =  2015
}

@MISC{noauthor_undated-yf,
  booktitle    = "Wired.com",
  howpublished = "\url{https://www.wired.com/story/facebook-exposed-87-million-users-to-cambridge-analytica/}",
  note         = "Accessed: 2022-1-28"
}

@ARTICLE{Cadwalladr2017-aq,
  title     = "The great British Brexit robbery: how our democracy was hijacked",
  author    = "Cadwalladr, Carole",
  journal   = "Guardian",
  publisher = "The Guardian",
  month     =  may,
  year      =  2017
}

@ARTICLE{Hern2018-ae,
  title     = "Cambridge Analytica: how did it turn clicks into votes?",
  author    = "Hern, Alex",
  journal   = "Guardian",
  publisher = "The Guardian",
  month     =  may,
  year      =  2018
}

@ARTICLE{Rothmann2003-gd,
  title   = "The big five personality dimensions and job performance",
  author  = "Rothmann, S and Coetzer, E P",
  journal = "SA J. Ind. Psychol.",
  volume  =  29,
  number  =  1,
  year    =  2003
}

@BOOK{Sanjaume2010-ys,
  title     = "Marketing comportemental",
  author    = "Sanjaume, Alain and Caplier, Arnaud",
  publisher = "Dunod",
  edition   =  1,
  year      =  2010,
  language  = "fr"
}

@TECHREPORT{Suarez-Gonzalo2018-ct,
  title    = "Big personal data exploitation and media manipulation in the {US}
              presidential election campaign of Donald Trump in 2016",
  author   = "Su{\'a}rez-Gonzalo, Sara",
  year     =  2018
}
